
@article{Toma2013,
    author = {G. de Toma and G. A. Chapman and D. G. Preminger and A. M. Coockson },
    title = {ANALYSIS OF SUNSPOT AREA OVER TWO SOLAR CYCLES},
    journal = {The Astrophysical Journal},
    volume = {89},
    No = {192-7},
    year = {2013},
    pages = {770--783},
}

@article{Kopp1992,
    author = {Greg Kopp and Douglas Rabin},
    title = {{A relation between magnetic field strength and temperature in sunspots}},
    journal = {Solar Physics},
    volume = {141},
    year = {1992},
    pages = {253--265},
    issue = {2},
    doi = {10.1007/BF00155178},
    masid = {39829612}
}

@article{Penn2006,
    author = {M. J. Penn and W. Livingston},
    title = {{Temporal Changes in Sunspot Umbral Magnetic Fields and Temperatures}},
    journal = {Astrophysical Journal},
    volume = {649},
    year = {2006},
    issue = {1},
    doi = {10.1086/508345},
    masid = {10872059}
}

@article{Ahluwalia2012,
    author = {H. S. Ahluwalia and R. C. Ygbuhay},
    title = {Sunspot Cycle 24 and the Advent of Dalton-Like Minimum},
    journal = {Advances in Astronomy},
    volume = {2012},
    No = {126516},
    year = {2012},
    pages = {5},
}

@article{Javaraiah2013,
    title = "Long-term temporal variations in the areas of sunspot groups ",
    journal = "Advances in Space Research ",
    volume = "52",
    No = {1},
    number = "5",
    pages = "963 - 970",
    year = "2013",
    note = "",
    issn = "0273-1177",
    doi = "http://dx.doi.org/10.1016/j.asr.2013.04.029",
    url = "http://www.sciencedirect.com/science/article/pii/S0273117713002901",
    author = "J. Javaraiah",
}

@article{Eddy1976,
    author = {John A. Eddy},
    title = {The Maunder Minimum},
    journal = {Science},
    volume = {192},
    No = {4245},
    year = {1976},
    pages = {1189-1202},
}

@article{Tlatov2013,
    year={2013},
    issn={0038-0938},
    journal={Solar Physics},
    doi={10.1007/s11207-013-0382-9},
    title={Bimodal Distribution of Magnetic Fields and Areas of Sunspots},
    url={http://dx.doi.org/10.1007/s11207-013-0382-9},
    publisher={Springer Netherlands},
    keywords={Sun: surface magnetism; Sunspots; Sun: activity},
    author={Tlatov, AndreyG. and Pevtsov, AlexeiA.},
    pages={1-10},
    language={English}
}

@article{Rezaei2012,
    author = {{Rezaei, R.} and {Beck, C.} and {Schmidt, W.}},
    title = {Variation in sunspot properties between 1999 and 2011 as observed with the Tenerife Infrared Polarimeter},
    DOI= "10.1051/0004-6361/201118635",
    url= "http://dx.doi.org/10.1051/0004-6361/201118635",
    journal = {A\&A},
    year = 2012,
    volume = 541,
    pages = "A60",
    month = "",
}

article{Hathaway2010,
    title    = {The Solar Cycle},
    author   = {David H. Hathaway},
    journal  = {Living Reviews in Solar Physics},
    year     = {2010},
    number   = {1},
    volume   = {7},
    keywords = {Solar cycle prediction, Solar cycle, Sunspots, Solar activity},
    doi      = {10.12942/lrsp-2010-1},
    url      = {http://www.livingreviews.org/lrsp-2010-1}
}

@article{Hathaway2015,
    title    = {The Solar Cycle},
    author   = {David H. Hathaway},
    journal  = {Living Reviews in Solar Physics},
    year     = {2015},
    number   = {4},
    volume   = {12},
    keywords = {Sunspots, Solar cycle prediction, Solar activity, Solar cycle},
    doi      = {10.1007/lrsp-2015-4},
    url      = {http://www.livingreviews.org/lrsp-2015-4}
}

@article{Hathaway1994,
    author = { Hathaway, D. H. and Wilson, R. M. and Reichmann, E. J.},
    title = {The shape of the sunspot cycle},
    journal = {Solar Physics},
    keyword = {Physics and Astronomy},
    pages = {177-190},
    volume = {151},
    year = {1994}
}

@article{scherrer1991,
    title = "The solar oscillations investigation a Michelson Doppler imager for SOHO",
    journal = "Advances in Space Research ",
    volume = "11",
    number = "4",
    pages = "113 - 122",
    year = "1991",
    note = "",
    issn = "0273-1177",
    author = "P.H. Scherrer and J.T. Hoeksema and R.I. Bush"
}

@article{colak2007,
    author = "T. Colak and R. Qahwaji",
    title = "Automatic Sunspot Classification for Real-Time Forecasting of Solar Activities",
    year = "2007",
    journal = "ICEEE Conference on Recent Advances in Space Technologies",
    month = "Junho",
    pages = "733-738"
}

@article{colak2006,
    author = "T. Colak and R. Qahwaji",
    title = "Automatic Detection and Verification of Solar Features",
    year = "2006",
    journal = "International Journal of Imaging Systems \& Technology",
    volume = "15",
    month = "Junho",
    pages = "199-210"
}

@article{zharkov2005,
    author = {Zharkov, S. and Zharkova, V. and Ipson, S. and Benkhalil, A.},
    title = {Technique for automated recognition of sunspots on full-disk solar images},
    journal = {EURASIP J. Appl. Signal Process.},
    issue_date = {1 January 2005},
    volume = {2005},
    month = {January},
    year = {2005},
    issn = {1110-8657},
    pages = {2573--2584},
    numpages = {12},
    url = {http://dx.doi.org/10.1155/ASP.2005.2573},
    doi = {http://dx.doi.org/10.1155/ASP.2005.2573},
    acmid = {1287305},
    publisher = {Hindawi Publishing Corp.},
    address = {New York, NY, United States},
    keywords = {digital solar image, edge-detection, local threshold, morphological operators, sunspot area time series, sunspots},
}

@incollection{zharkov2004,
    author = {Zharkov, S. and Zharkova, V. and Ipson, S. and Benkhalil, A.},
    affiliation = {Department of Cybernetics, University of Bradford, BD7 1DP UK},
    title = {Automated Recognition of Sunspots on the SOHO/MDI White Light Solar Images},
    booktitle = {Knowledge-Based Intelligent Information and Engineering Systems},
    series = {Lecture Notes in Computer Science},
    editor = {Negoita, Mircea and Howlett, Robert and Jain, Lakhmi},
    publisher = {Springer Berlin / Heidelberg},
    isbn = {978-3-540-23205-6},
    keyword = {Computer Science},
    pages = {446-452},
    volume = {3215},
    url = {http://dx.doi.org/10.1007/978-3-540-30134-9\_60},
    note = {10.1007/978-3-540-30134-9\_60},
    year = {2004}
}

@book{silva2006,
    author = "A. V. R. Silva",
    title = "Nossa estrela: o Sol",
    year = "2006",
    publisher = "Editora Livraria da FÃ­sica"
}

@article{curto2008,
    author = {Curto, J. and Blanca, M. and Martínez, E.},
    affiliation = {Observatori de l'Ebre, CSIC - Universitat Ramon Llull, 43520, Roquetes, Spain},
    title = {Automatic Sunspots Detection on Full-Disk Solar Images using Mathematical Morphology},
    journal = {Solar Physics},
    publisher = {Springer Netherlands},
    issn = {0038-0938},
    keyword = {Physics and Astronomy},
    pages = {411-429},
    volume = {250},
    issue = {2},
    url = {http://dx.doi.org/10.1007/s11207-008-9224-6},
    note = {10.1007/s11207-008-9224-6},
    year = {2008}
}

@BOOK{spagiari2012,
    AUTHOR =       {Adilson Eduardo Spagiari and Israel Florentino dos Santos and Wander Lairson Costa and Adriana Valio and Maurício Marengoni},
    editor =       {Luiz Ant\^{o}nio Pereira Neves and Hugo {Vieira Neto} and Adilson Gonzaga},
    TITLE =        {Avan\c{c}os em Vis\~{a}o Computacional},
    PUBLISHER =    {Omnipax},
    YEAR =         {2012},
    address =      {Curitiba, PR},
    edition =      {1},
    note =         {CapÃ­tulo 18},
    isbn =         {978-85-64619-09-8},
    DOI =          {10.7436/2012.avc.0},
}

article{wolf1856,
    title = "Mittheilungen uber die Sonnenflecken",
    author = "R. Wolf",
    journal = "Astronomische Mitteilungen der Eidenossischen Sternwarte Zorich",
    year = "1856",
    volume = "1",
    pages = "3-13"
}

@article{svalgaard2010,
    author = "L. Svalgaard",
    title = "Objective Calibration of Sunspot Numbers",
    journal = "SIDC - Securities Industry Development Corporation",
    month = "Setembro",
    year = "2010"
}

@book{green1985,
    author = "R. M. Green",
    title = "Spherical Astronomy",
    year = "1985",
    publisher = "Cambridge University Press"
}

@book{gonzalez2010,
    author = "R. C. Gonzalez and R. C. Woods",
    title = "Processamento Digital de Imagens",
    year = "2010",
    publisher = "Editora Pearson Prentice Hall",
    pages = "415-449",
    edition = "3"
}

@article{zharkova2003,
    author = {Zharkova, V.V. and Ipson, S.S. and Zharkov, S.I. and Benkhalil, A. and Aboudarham, J. and Bentley, R.D.},
    title = {A full-disk image standardisation of the synoptic solar observations at the Meudon Observatory},
    journal = {Solar Physics},
    publisher = {Springer Netherlands},
    issn = {0038-0938},
    keyword = {Physics and Astronomy},
    pages = {89-105},
    volume = {214},
    issue = {1},
    url = {http://dx.doi.org/10.1023/A:1024081931946},
    note = {10.1023/A:1024081931946},
    year = {2003}
}

@article{Thompson2002,
    title = "Standardized coordinate systems for solar image data ",
    journal = "Advances in Space Research ",
    volume = "29",
    number = "12",
    pages = "2093 - 2098",
    year = "2002",
    note = "",
    issn = "0273-1177",
    doi = "http://dx.doi.org/10.1016/S0273-1177(02)00155-2",
    url = "http://www.sciencedirect.com/science/article/pii/S0273117702001552",
    author = "William T. Thompson"
}

@misc{opencv,
    title = "{O}pen {S}ource {C}omputer {V}ision {L}ibrary",
    author = "Intel and Willow Garage",
    year = "1999",
    howpublished = {\url{http://opencv.willowgarage.com}}
}

@inproceedings{valio2013,
    author = {Valio,Adriana and Spagiari,Eduardo},
    title = {Starspots Magnetic field by transit mapping},
    booktitle = {Magnetic Fields throughout Stellar Evolution},
    series = {Proceedings of the International Astronomical Union},
    volume = {9},
    issue = {Symposium S302},
    month = {8},
    year = {2013},
    pages = {220--221},
    numpages = {2},
    doi = {10.1017/S1743921314002129},
    URL = {http://journals.cambridge.org/article_S1743921314002129},
}

@ARTICLE{dicke1970,
    author = {Dicke, R.~H.},
    title = "{Why are Sunspots Dark and Faculae Bright?}",
    year = 1970,
    month = jan,
    volume = 159,
    pages = {25},
    doi = {10.1086/150287},
    adsurl = {http://adsabs.harvard.edu/abs/1970ApJ...159...25D},
    adsnote = {Provided by the SAO/NASA Astrophysics Data System}
}

@ARTICLE{Babcock1961,
    author = {Babcock, H.~W.},
    title = "{The Topology of the Sun's Magnetic Field and the 22-YEAR Cycle.}",
    year = "1961",
    month = "mar",
    volume = "133",
    pages = {572},
    doi = {10.1086/147060},
    adsurl = {http://adsabs.harvard.edu/abs/1961ApJ...133..572B},
    adsnote = {Provided by the SAO/NASA Astrophysics Data System}
}

@article{Borrero2011,
    title    = {Magnetic Structure of Sunspots},
    author   = {Juan M. Borrero and Kiyoshi Ichimoto},
    journal  = {Living Reviews in Solar Physics},
    year     = {2011},
    number   = {4},
    volume   = {8},
    keywords = {Magnetic fields, Sunspots},
    doi      = {10.1007/lrsp-2011-4},
    url      = {http://www.livingreviews.org/lrsp-2011-4}
}
%
% Note: Encoded in UTF-8! To use with TeX, adapt the encoding
% (with tools 'recode' or 'iconv') or use the ucs package
% (http://ctan.org/tex-archive/macros/latex/contrib/ucs)
%

@article{silva2011,
    author={Ronaldo Da Silva and Adriana Silva-Valio},
    title={A Method to Identify and Characterize Binary Candidates-A Study of CoRoT Data},
    journal={Publications of the Astronomical Society of the Pacific},
    volume={123},
    number={903},
    pages={536},
    url={http://stacks.iop.org/1538-3873/123/i=903/a=536},
    year={2011}
}
@article{valio2010,
    author = {Silva-Valio, A. and Lanza, A. F. and Alonso, R. and Barge, P.},
    title = {Properties of starspots on CoRoT-2 *},
    DOI= "10.1051/0004-6361/200911904",
    url= "http://dx.doi.org/10.1051/0004-6361/200911904",
    journal = {A\&A},
    year = 2010,
    volume = 510,
    pages = "A25",
    month = "",
}

@article{selhorst2008,
	author = {{Selhorst, C. L.} and {Silva-Válio, A.} and {Costa, J. E. R.}},
	title = {Solar atmospheric model over a highly  polarized 17 GHz active region},
	DOI= "10.1051/0004-6361:20079217",
	url= "https://doi.org/10.1051/0004-6361:20079217",
	journal = {A\&A},
	year = 2008,
	volume = 488,
	number = 3,
	pages = "1079-1084",
	month = "",
}
